@article{information_carriers,
   author = "Harmer, Russ and Danos, Vincent and Feret, Jérôme and Krivine, Jean and Fontana, Walter",
   title = "Intrinsic information carriers in combinatorial dynamical systems",
   journal = "Chaos",
   year = "2010",
   volume = "20",
   number = "3",
   eid = 037108,
   pages = "",
   url = "http://scitation.aip.org/content/aip/journal/chaos/20/3/10.1063/1.3491100",
   doi = "http://dx.doi.org/10.1063/1.3491100"
}

@InProceedings{danosetal,
  author =	{Vincent Danos and Jerome Feret and Walter Fontana and Russell Harmer and Jonathan Hayman and Jean Krivine and Chris Thompson-Walsh and Glynn Winskel},
  title =	{{Graphs, Rewriting and Pathway Reconstruction for Rule-Based Models}},
  booktitle =	{IARCS Annual Conference on Foundations of Software Technology and Theoretical Computer Science (FSTTCS 2012) },
  pages =	{276--288},
  series =	{Leibniz International Proceedings in Informatics (LIPIcs)},
  ISBN =	{978-3-939897-47-7},
  ISSN =	{1868-8969},
  year =	{2012},
  volume =	{18},
  editor =	{Deepak D'Souza and Telikepalli Kavitha and Jaikumar Radhakrishnan},
  publisher =	{Schloss Dagstuhl--Leibniz-Zentrum fuer Informatik},
  address =	{Dagstuhl, Germany},
  URL =		{http://drops.dagstuhl.de/opus/volltexte/2012/3866},
  URN =		{urn:nbn:de:0030-drops-38669},
  doi =		{http://dx.doi.org/10.4230/LIPIcs.FSTTCS.2012.276},
  annote =	{Keywords: concurrency, rule-based models, graph rewriting, pathways, causality}
}

@book{AlgebraicGR,
 author = {Ehrig, H. and Ehrig, K. and Prange, U. and Taentzer, G.},
 title = {Fundamentals of Algebraic Graph Transformation (Monographs in Theoretical Computer Science. An EATCS Series)},
 year = {2006},
 isbn = {3540311874},
 publisher = {Springer-Verlag New York, Inc.},
 address = {Secaucus, NJ, USA},
}

@article{NielsenRT92,
  author    = {Mogens Nielsen and
               Grzegorz Rozenberg and
               P. S. Thiagarajan},
  title     = {Elementary Transition Systems},
  journal   = {Theor. Comput. Sci.},
  volume    = {96},
  number    = {1},
  pages     = {3--33},
  year      = {1992},
  url       = {http://dx.doi.org/10.1016/0304-3975(92)90180-N},
  doi       = {10.1016/0304-3975(92)90180-N},
  timestamp = {Wed, 07 Sep 2011 12:13:22 +0200},
  biburl    = {http://dblp.uni-trier.de/rec/bib/journals/tcs/NielsenRT92},
  bibsource = {dblp computer science bibliography, http://dblp.org}
}


@inproceedings{Mukund93,
  author    = {Madhavan Mukund and
               Mogens Nielsen},
  title     = {CCS, Location and Asynchronous Transition Systems},
  booktitle = {Foundations of Software Technology and Theoretical Computer Science,
               12th Conference, New Delhi, India, December 18-20, 1992, Proceedings},
  pages     = {328--341},
  year      = {1992},
  crossref  = {DBLP:conf/fsttcs/1992},
  url       = {http://dx.doi.org/10.1007/3-540-56287-7_116},
  doi       = {10.1007/3-540-56287-7_116},
  timestamp = {Fri, 02 Oct 2009 08:07:45 +0200},
  biburl    = {http://dblp.uni-trier.de/rec/bib/conf/fsttcs/MukundN92},
  bibsource = {dblp computer science bibliography, http://dblp.org}
}
@proceedings{DBLP:conf/fsttcs/1992,
  editor    = {R. K. Shyamasundar},
  title     = {Foundations of Software Technology and Theoretical Computer Science,
               12th Conference, New Delhi, India, December 18-20, 1992, Proceedings},
  series    = {Lecture Notes in Computer Science},
  volume    = {652},
  publisher = {Springer},
  year      = {1992},
  isbn      = {3-540-56287-7},
  timestamp = {Wed, 03 Jul 2002 10:23:36 +0200},
  biburl    = {http://dblp.uni-trier.de/rec/bib/conf/fsttcs/1992},
  bibsource = {dblp computer science bibliography, http://dblp.org}
}